<?xml version="1.0" encoding="UTF-8"?>
<record xmlns="http://www.loc.gov/MARC21/slim" xmlns:xsi="http://www.w3.org/2001/XMLSchema-instance" xsi:schemaLocation="http://www.loc.gov/MARC21/slim http://www.loc.gov/standards/marcxml/schema/MARC21slim.xsd">
<leader>00000cam a2200253 a 4500</leader>
<controlfield tag="001">002354664</controlfield>
<controlfield tag="003">NNU</controlfield>
<controlfield tag="005">20061010172118.0</controlfield>
<controlfield tag="008">880823s1933    le            000 0 ara d</controlfield>
<datafield tag="035" ind1="9" ind2=" ">
<subfield code="a">NYUb11492989</subfield>
</datafield>
<datafield tag="035" ind1=" " ind2=" ">
<subfield code="a">(CStRLIN)NYUG88-B29501</subfield>
</datafield>
<datafield tag="040" ind1=" " ind2=" ">
<subfield code="a">NBiSU</subfield>
<subfield code="c">NBiSU</subfield>
<subfield code="d">NNU</subfield>
</datafield>
<datafield tag="066" ind1=" " ind2=" ">
<subfield code="c">(3</subfield>
</datafield>
<datafield tag="090" ind1=" " ind2=" ">
<subfield code="a">BP130.4</subfield>
<subfield code="b">.I285 1933</subfield>
</datafield>
<datafield tag="100" ind1="1" ind2=" ">
<subfield code="6">880-01</subfield>
<subfield code="a">Ibn Qayyim al-Jawzīyah, Muḥammad ibn Abī Bakr,</subfield>
<subfield code="d">1292-1350.</subfield>
</datafield>
<datafield tag="245" ind1="1" ind2="0">
<subfield code="6">880-02</subfield>
<subfield code="a">Tibyān fī aqsām al-Qurʼān /</subfield>
<subfield code="c">li-Shams al-Dīn Muḥammad ibn Abī Bakr al-maʻrūf bi-Ibn Qayyim al-Jawzīyah ; ṣaḥḥaḥahu wa-ʻallaqa hawamishuhu Muḥammad Ḥāmid al-Faqī.</subfield>
</datafield>
<datafield tag="260" ind1=" " ind2=" ">
<subfield code="6">880-03</subfield>
<subfield code="a">Bayrūt :</subfield>
<subfield code="b">Dār al-Maʻrifah,</subfield>
<subfield code="c">[1933]</subfield>
</datafield>
<datafield tag="300" ind1=" " ind2=" ">
<subfield code="a">431 p. ;</subfield>
<subfield code="c">20 cm.</subfield>
</datafield>
<datafield tag="630" ind1="0" ind2="0">
<subfield code="a">Qurʼan</subfield>
<subfield code="v">Commentaries.</subfield>
</datafield>
<datafield tag="700" ind1="1" ind2=" ">
<subfield code="6">880-04</subfield>
<subfield code="a">Faqī, Muḥammad Ḥāmid.</subfield>
</datafield>
<datafield tag="880" ind1="0" ind2=" ">
<subfield code="6">100-01/</subfield>
<subfield code="a">شمس الدين محمد بن أبى بكر المعروف بابن قيم الجوزية.</subfield>
</datafield>
<datafield tag="880" ind1="1" ind2="0">
<subfield code="6">245-02/</subfield>
<subfield code="a">تبيان فى أقسام القرآن /</subfield>
<subfield code="c">لشمس الدين محمد بن أبى بكر المعروف بابن قيم الجوزية ؛ صححه وعلق هوامشه محمد حامد الفقى.</subfield>
</datafield>
<datafield tag="880" ind1=" " ind2=" ">
<subfield code="6">260-03/</subfield>
<subfield code="a">بيروت :</subfield>
<subfield code="b">دار المعرفة،</subfield>
<subfield code="c">[1933]</subfield>
</datafield>
<datafield tag="880" ind1="0" ind2=" ">
<subfield code="6">700-04/</subfield>
<subfield code="a">محمد حامد الفقى.</subfield>
</datafield>
<datafield tag="OWN" ind1=" " ind2=" ">
<subfield code="a">GENERAL</subfield>
</datafield>
<datafield tag="998" ind1=" " ind2=" ">
<subfield code="a">19960719</subfield>
<subfield code="d">19880823</subfield>
<subfield code="d">19960719</subfield>
<subfield code="n">NNU</subfield>
<subfield code="s">1</subfield>
<subfield code="t">c</subfield>
<subfield code="z">p</subfield>
</datafield>
<datafield tag="AVA" ind1=" " ind2=" ">
<subfield code="a">NYU50</subfield>
<subfield code="b">BOBST</subfield>
<subfield code="c">Main Collection</subfield>
<subfield code="d">BP130.4 .I285 1933</subfield>
<subfield code="e">unavailable</subfield>
<subfield code="t">Unavailable</subfield>
<subfield code="f">1</subfield>
<subfield code="g">1</subfield>
<subfield code="h">N</subfield>
<subfield code="i">1</subfield>
<subfield code="j">MAIN</subfield>
<subfield code="k">0</subfield>
</datafield>
</record>
